@inproceedings{Martiniano2012,
  title={{Application of a neuro fuzzy network in prediction of absenteeism at work}},
  author={Martiniano, A and Ferreira, RP and Sassi, RJ and Affonso, C},
  booktitle={7th Iberian Conference on Information Systems and Technologies (CISTI 2012)},
  pages={1--4},
  year={2012},
  organization={IEEE}
}