@article{Chen2012,
  title={{Data mining for the online retail industry: A case study of RFM model-based customer segmentation using data mining}},
  author={Chen, Daqing and Sain, Sai Laing and Guo, Kun},
  journal={Journal of Database Marketing \& Customer Strategy Management},
  volume={19},
  number={3},
  pages={197--208},
  year={2012},
  publisher={Springer}
}

@article{Cortez2008,
  title={{Using data mining to predict secondary school student performance}},
  author={Cortez, Paulo and Silva, Alice Maria Gon{\c{c}}alves},
  year={2008},
  publisher={EUROSIS-ETI}
}

@inproceedings{Fernandes2015,
  title={{A proactive intelligent decision support system for predicting the popularity of online news}},
  author={Fernandes, Kelwin and Vinagre, Pedro and Cortez, Paulo},
  booktitle={Portuguese Conference on Artificial Intelligence},
  pages={535--546},
  year={2015},
  organization={Springer}
}