@article{Chen2012,
  title={{Data mining for the online retail industry: A case study of RFM model-based customer segmentation using data mining}},
  author={Chen, Daqing and Sain, Sai Laing and Guo, Kun},
  journal={Journal of Database Marketing \& Customer Strategy Management},
  volume={19},
  number={3},
  pages={197--208},
  year={2012},
  publisher={Springer}
}
